<record xmlns="http://www.loc.gov/MARC21/slim" xmlns:xsi="http://www.w3.org/2001/XMLSchema-instance" xsi:schemaLocation="http://www.loc.gov/MARC21/slim http://www.loc.gov/standards/marcxml/schema/MARC21slim.xsd">

  <leader>00488nam a2200133Ia 4500</leader>
  <datafield ind2=" " ind1=" " tag="999">
    <subfield code="c">2029</subfield>
    <subfield code="d">2029</subfield>
  </datafield>
  <controlfield tag="008">180706b2006    c  ||||| |||| 00| | e   d</controlfield>
  <datafield ind1=" " ind2=" " tag="090">
    <subfield code="a">06.06.03</subfield>
    <subfield code="b"> 1376</subfield>
  </datafield>
  <datafield ind2="0" ind1="1" tag="245">
    <subfield code="a">Curriculum reform and the development of educational programs in secondary vocational education</subfield>
  </datafield>
  <datafield ind2=" " ind1=" " tag="260">
    <subfield code="a">Czech Republic : </subfield>
    <subfield code="c">2006</subfield>
    <subfield code="b">National Institute of Technical and Vocational Education, </subfield>
  </datafield>
  <datafield tag="300" ind2=" " ind1=" ">
    <subfield code="a">44 páginas</subfield>
  </datafield>
  <datafield ind1="1" ind2="4" tag="650">
    <subfield code="a">EDUCACIÓN SECUNDARIA</subfield>
    <subfield code="9">456</subfield>
  </datafield>
  <datafield tag="650" ind1="1" ind2="4">
    <subfield code="a">CURRÍCULO (EDUCACIÓN)</subfield>
    <subfield code="9">342</subfield>
  </datafield>
  <datafield ind2=" " ind1=" " tag="942">
    <subfield code="2">z</subfield>
    <subfield code="c">01</subfield>
  </datafield>
</record>